@book{NotSoShortIntro,
  author = {Oetiker, Tobias and Partl, Hubert and Hyna, Irene and Schlegl, Elisabeth},
  biburl = {https://www.bibsonomy.org/bibtex/299c200e4188e136f53def448d7d38655/tmalsburg},
  keywords = {documentation latex reference typesetting},
  month = {June},
  note = {Version 4.22},
  title = {The Not So Short Introduction to LaTeX},
  url = {http://tobi.oetiker.ch/lshort/lshort.pdf},
  year = 2007
}

